@article{agarwal2015predicting,
  title={Predicting effective microRNA target sites in mammalian mRNAs},
  author={Agarwal, Vikram and Bell, George W and Nam, Jin-Wu and Bartel, David P},
  journal={elife},
  volume={4},
  pages={e05005},
  year={2015},
  publisher={eLife Sciences Publications Limited}
},

@book{allison2012fundamental,
  author={Allison, Lizabeth A.},
  title={Fundamental Molecular Biology},
  edition={2},
  publisher={Wiley-Blackwell},
  address={Hoboken, NJ},
  year={2012}
},

@article{andreassen2017mirnas,
  title={miRNAs associated with immune response in teleost fish},
  author={Andreassen, Rune and H{\o}yheim, Bj{\o}rn},
  journal={Developmental \& Comparative Immunology},
  volume={75},
  pages={77--85},
  year={2017},
  publisher={Elsevier}
},

@article{andreassen2013discovery,
  title={Discovery and characterization of miRNA genes in Atlantic salmon (Salmo salar) by use of a deep sequencing approach},
  author={Andreassen, Rune and Worren, Merete Molton and H{\o}yheim, Bj{\o}rn},
  journal={BMC genomics},
  volume={14},
  number={1},
  pages={482},
  year={2013},
  publisher={BioMed Central}
},

@article{ashburner2000gene,
  title={Gene ontology: tool for the unification of biology},
  author={Ashburner, Michael and Ball, Catherine A and Blake, Judith A and Botstein, David and Butler, Heather and Cherry, J Michael and Davis, Allan P and Dolinski, Kara and Dwight, Selina S and Eppig, Janan T and others},
  journal={Nature genetics},
  volume={25},
  number={1},
  pages={25},
  year={2000},
  publisher={Nature Publishing Group}
},

@article{bartel2009micrornas,
  title={MicroRNAs: target recognition and regulatory functions},
  author={Bartel, David P},
  journal={cell},
  volume={136},
  number={2},
  pages={215--233},
  year={2009},
  publisher={Elsevier}
},

@article{bartel2018metazoan,
  title={Metazoan MicroRNAs},
  author={Bartel, David P},
  journal={Cell},
  volume={173},
  number={1},
  pages={20--51},
  year={2018},
  publisher={Elsevier}
},

@article{brock2011microrna,
  title={MicroRNA-18a enhances the interleukin-6-mediated production of the acute-phase proteins fibrinogen and haptoglobin in human hepatocytes},
  author={Brock, Matthias and Trenkmann, Michelle and Gay, Renate E and Gay, Steffen and Speich, Rudolf and Huber, Lars C},
  journal={Journal of Biological Chemistry},
  volume={286},
  number={46},
  pages={40142--40150},
  year={2011},
  publisher={ASBMB}
},

@article{christopher2016microrna,
  title={MicroRNA therapeutics: discovering novel targets and developing specific therapy},
  author={Christopher, Ajay Francis and Kaur, Raman Preet and Kaur, Gunpreet and Kaur, Amandeep and Gupta, Vikas and Bansal, Parveen},
  journal={Perspectives in clinical research},
  volume={7},
  number={2},
  pages={68},
  year={2016},
  publisher={Wolters Kluwer--Medknow Publications}
},

@article{danis2016differential,
  title={Differential expression of miR-184 in temporal lobe epilepsy patients with and without hippocampal sclerosis--Influence on microglial function},
  author={Danis, B{\'e}n{\'e}dicte and Van Rikxoort, Marijke and Kretschmann, Anita and Zhang, Jiong and Godard, Patrice and Andonovic, Lidija and Siegel, Franziska and Niehusmann, Pitt and Hanon, Etienne and Delev, Daniel and others},
  journal={Scientific reports},
  volume={6},
  pages={33943},
  year={2016},
  publisher={Nature Publishing Group}
},

@article{farh2005widespread,
  title={The widespread impact of mammalian MicroRNAs on mRNA repression and evolution},
  author={Farh, Kyle Kai-How and Grimson, Andrew and Jan, Calvin and Lewis, Benjamin P and Johnston, Wendy K and Lim, Lee P and Burge, Christopher B and Bartel, David P},
  journal={Science},
  volume={310},
  number={5755},
  pages={1817--1821},
  year={2005},
  publisher={American Association for the Advancement of Science}
},

@article{filipowicz2008mechanisms,
  title={Mechanisms of post-transcriptional regulation by microRNAs: are the answers in sight?},
  author={Filipowicz, Witold and Bhattacharyya, Suvendra N and Sonenberg, Nahum},
  journal={Nature reviews genetics},
  volume={9},
  number={2},
  pages={102},
  year={2008},
  publisher={Nature Publishing Group}
},

@article{gebeshuber2013mir,
  title={miR-100 suppresses IGF2 and inhibits breast tumorigenesis by interfering with proliferation and survival signaling},
  author={Gebeshuber, CA and Martinez, J},
  journal={Oncogene},
  volume={32},
  number={27},
  pages={3306},
  year={2013},
  publisher={Nature Publishing Group}
},

@Misc{gu2018,
  author={Gu, Z},
  title ={rGREAT: Client for GREAT Analysis},
  howpublished={\url{https://github.com/jokergoo/rGREAT}},
year = {2018}
},

@article{hiller2013computational,
  title={Computational methods to detect conserved non-genic elements in phylogenetically isolated genomes: application to zebrafish},
  author={Hiller, Michael and Agarwal, Saatvik and Notwell, James H and Parikh, Ravi and Guturu, Harendra and Wenger, Aaron M and Bejerano, Gill},
  journal={Nucleic acids research},
  volume={41},
  number={15},
  pages={e151--e151},
  year={2013},
  publisher={Oxford University Press}
},

@article{10.1093/nar/gks938,
    author = {Howe, Douglas G. and Bradford, Yvonne M. and Conlin, Tom and Eagle, Anne E. and Fashena, David and Frazer, Ken and Knight, Jonathan and Mani, Prita and Martin, Ryan and Moxon, Sierra A. Taylor and Paddock, Holly and Pich, Christian and Ramachandran, Sridhar and Ruef, Barbara J. and Ruzicka, Leyla and Schaper, Kevin and Shao, Xiang and Singer, Amy and Sprunger, Brock and Van Slyke, Ceri E. and Westerfield, Monte},
    title = "{ZFIN, the Zebrafish Model Organism Database: increased support for mutants and transgenics}",
    journal = {Nucleic Acids Research},
    volume = {41},
    number = {D1},
    pages = {D854-D860},
    year = {2012},
    month = {10},
    issn = {0305-1048},
    doi = {10.1093/nar/gks938},
    url = {https://doi.org/10.1093/nar/gks938},
    eprint = {http://oup.prod.sis.lan/nar/article-pdf/41/D1/D854/3721451/gks938.pdf},
},



@article{hunter2008interpro,
  title={InterPro: the integrative protein signature database},
  author={Hunter, Sarah and Apweiler, Rolf and Attwood, Teresa K and Bairoch, Amos and Bateman, Alex and Binns, David and Bork, Peer and Das, Ujjwal and Daugherty, Louise and Duquenne, Lauranne and others},
  journal={Nucleic acids research},
  volume={37},
  number={suppl\_1},
  pages={D211--D215},
  year={2008},
  publisher={Oxford University Press}
},

@article{karolchik2003ucsc,
  title={The UCSC genome browser database},
  author={Karolchik, Donna and Baertsch, Robert and Diekhans, Mark and Furey, Terrence S and Hinrichs, Angie and Lu, YT and Roskin, Krishna M and Schwartz, Matthias and Sugnet, Charles W and Thomas, Daryl J and others},
  journal={Nucleic acids research},
  volume={31},
  number={1},
  pages={51--54},
  year={2003},
  publisher={Oxford University Press}
},

@article{lewis2005conserved,
  title={Conserved seed pairing, often flanked by adenosines, indicates that thousands of human genes are microRNA targets},
  author={Lewis, Benjamin P and Burge, Christopher B and Bartel, David P},
  journal={cell},
  volume={120},
  number={1},
  pages={15--20},
  year={2005},
  publisher={Elsevier}
},

@article{liang2009microrna,
  title={MicroRNA: a new entrance to the broad paradigm of systems molecular medicine},
  author={Liang, Mingyu},
  journal={Physiological genomics},
  volume={38},
  number={2},
  pages={113--115},
  year={2009},
  publisher={American Physiological Society}
},


@article{liu2010epigenetic,
  title={Epigenetic regulation of miR-184 by MBD1 governs neural stem cell proliferation and differentiation},
  author={Liu, Changmei and Teng, Zhao-Qian and Santistevan, Nicholas J and Szulwach, Keith E and Guo, Weixiang and Jin, Peng and Zhao, Xinyu},
  journal={Cell stem cell},
  volume={6},
  number={5},
  pages={433--444},
  year={2010},
  publisher={Elsevier}
},

@article{lu2008analysis,
  title={An analysis of human microRNA and disease associations},
  author={Lu, Ming and Zhang, Qipeng and Deng, Min and Miao, Jing and Guo, Yanhong and Gao, Wei and Cui, Qinghua},
  journal={PloS one},
  volume={3},
  number={10},
  pages={e3420},
  year={2008},
  publisher={Public Library of Science}
},

@inproceedings{kelder2007wikipathways,
  title={WikiPathways: Pathway Editing for the People},
  author={Kelder, Thomas and Pico, Alexander R and Iersel, Mv and Conklin, Bruce and Evelo, Chris},
  booktitle={11Th Annual International Conference on Research in Computational Biology, SanFrancisco (April 2007)},
  year={2007}
},

@article{rhee2008use,
  title={Use and misuse of the gene ontology annotations},
  author={Rhee, Seung Yon and Wood, Valerie and Dolinski, Kara and Draghici, Sorin},
  journal={Nature Reviews Genetics},
  volume={9},
  number={7},
  pages={509},
  year={2008},
  publisher={Nature Publishing Group}
},

@phdthesis{kirzinger2018humanized,
  title={Humanized yeast genetic interaction mapping predicts synthetic lethal interactions of FBXW7 in breast cancer},
  author={Kirzinger, Morgan},
  year={2018},
  school={University of Saskatchewan}
},

@article{wilson2010dynamic,
  title={Dynamic microRNA expression programs during cardiac differentiation of human embryonic stem cells: role for miR-499},
  author={Wilson, Kitchener D and Hu, Shijun and Venkatasubrahmanyam, Shivkumar and Fu, Ji-Dong and Sun, Ning and Abilez, Oscar J and Baugh, Joshua JA and Jia, Fangjun and Ghosh, Zhumur and Li, Ronald A and others},
  journal={Circulation: Cardiovascular Genetics},
  volume={3},
  number={5},
  pages={426--435},
  year={2010},
  publisher={Am Heart Assoc}
},

@article{woltering2008mir,
  title={MiR-10 represses HoxB1a and HoxB3a in zebrafish},
  author={Woltering, Joost M and Durston, Antony J},
  journal={PloS one},
  volume={3},
  number={1},
  pages={e1396},
  year={2008},
  publisher={Public Library of Science}
},

@article{zerbino2017ensembl,
  title={Ensembl 2018},
  author={Zerbino, Daniel R and Achuthan, Premanand and Akanni, Wasiu and Amode, M Ridwan and Barrell, Daniel and Bhai, Jyothish and Billis, Konstantinos and Cummins, Carla and Gall, Astrid and Gir{\'o}n, Carlos Garc{\'\i}a and others},
  journal={Nucleic acids research},
  volume={46},
  number={D1},
  pages={D754--D761},
  year={2017},
  publisher={Oxford University Press}
}